@online{notsoshort,
  author =       {Oetiker, Tobias},
  title =        {A (Not So) Short Introduction to {\LaTeXe}},
  url =          {http://www.ctan.org/tex-archive/info/lshort/english/lshort-letter.pdf}
}

@article{hend,
  title =	 "Species over a finite field",
  author =	 "Henderson, Anthony",
  journal =	 "Journal of Algebraic Combinatorics",
  volume =	 21,
  year =	 2005,
  number =	 2,
  pages =	 "147--161",
  doi =		 {10.1007/s10801-005-6905-1},
}
